@book{morettin2017estat√≠stica,
  title={ESTAT{\'I}STICA B{\'A}SICA},
  author={Morettin, P.A. and Bussab, W.O.},
  isbn={9788502207172},
  url={https://books.google.com.br/books?id=vDhnDwAAQBAJ},
  year={2017},
  publisher={Saraiva Educa{\c{c}}{\~a}o S.A.}
}